<?xml version="1.0" encoding="UTF-8"?><collection xmlns="http://www.loc.gov/MARC21/slim"><record><leader>00367nam--2200133-i-4500</leader><controlfield tag="001">000047540</controlfield><controlfield tag="002">20161230</controlfield><controlfield tag="005">20161230201046</controlfield><controlfield tag="008">060222s1000------------r-----000-0-eng-d</controlfield><datafield ind1=" " ind2=" " tag="080"><subfield code="a">62-52:5(094)</subfield></datafield><datafield ind1=" " ind2=" " tag="100"><subfield code="a">Woodbury, David O</subfield></datafield><datafield ind1=" " ind2=" " tag="245"><subfield code="a">Let erma do it. the full story of automation</subfield></datafield><datafield ind1=" " ind2=" " tag="260"><subfield code="a">New York, Harcourt, Brace And Company, 1956, Xii + 305p</subfield></datafield><datafield ind1=" " ind2=" " tag="852"><subfield code="a">12842</subfield></datafield></record></collection>